<?xml version="1.0" encoding="UTF-8"?><collection xmlns="http://www.loc.gov/MARC21/slim"><record><leader>00365nam--2200121-i-4500</leader><controlfield tag="001">000018231</controlfield><controlfield tag="002">20161230</controlfield><controlfield tag="005">20161230201032</controlfield><controlfield tag="008">060222s1000------------r-----000-0-eng-d</controlfield><datafield ind1=" " ind2=" " tag="100"><subfield code="a">Ferner, Edvin</subfield></datafield><datafield ind1=" " ind2=" " tag="245"><subfield code="a">Die spektren von hochionisierten aluminium, silicium und schwefwl</subfield></datafield><datafield ind1=" " ind2=" " tag="260"><subfield code="a">Stockholm, Almqvist &amp; Wiksells Boktr., 1948. 65 P., 20 Fig., 2 Tab</subfield></datafield><datafield ind1=" " ind2=" " tag="852"><subfield code="a">5795</subfield></datafield></record></collection>